@article{polik2007survey,
  title={A survey of the S-lemma},
  author={P{\'o}lik, Imre and Terlaky, Tam{\'a}s},
  journal={SIAM review},
  volume={49},
  number={3},
  pages={371--418},
  year={2007},
  publisher={SIAM}
}
